<?xml version="1.0" encoding="UTF-8"?><collection xmlns="http://www.loc.gov/MARC21/slim"><record><leader>00343nam--2200121-i-4500</leader><controlfield tag="001">000021181</controlfield><controlfield tag="002">20161230</controlfield><controlfield tag="005">20161230201034</controlfield><controlfield tag="008">060222s1000------------r-----000-0-eng-d</controlfield><datafield ind1=" " ind2=" " tag="080"><subfield code="a">001.89</subfield></datafield><datafield ind1=" " ind2=" " tag="245"><subfield code="a">Industry and the technical colleges. a review of some current problems</subfield></datafield><datafield ind1=" " ind2=" " tag="260"><subfield code="a">London, Federation Of British Industries. 44p</subfield></datafield><datafield ind1=" " ind2=" " tag="852"><subfield code="a">12697</subfield></datafield></record></collection>